%******** Mall *********
@article{Hammond,
    title = "Indicative energy technology assessment of advanced rechargeable batteries",
    journal = "Applied Energy",
    volume = "138",
    pages = "559 - 571",
    year = "2015",
    issn = "0306-2619",
    doi = "https://doi.org/10.1016/j.apenergy.2014.10.037",
    note = {[Online]. Available: \url{http://www.sciencedirect.com/science/article/pii/S0306261914010873}, Accessed on: May 21st, 2018},
    author = "Geoffrey P. Hammond and Tom Hazeldine"
}
%*********************
@misc{Webstats,
        author = "John Potter",
        url = "https://www.npmtrends.com/@angular/core-vs-angular-vs-react-vs-vue",
        year = "2019",
        note = "Hämtad 8:e april 2019"
}
@misc{Webbutveckling,
        author = "shilili",
        url = "https://developer.mozilla.org/en-US/docs/Learn/Getting_started_with_the_web",
        year = "2019",
        note = "Hämtad 8:e april 2019"
}
@misc{graphql, 
    author = "Facebook Inc.",
    title="{Introduction to GraphQL}",
    year = "2019",
    note = "Tillgänglig: \url{https://graphql.org/learn/}, hämtad 13:e april 2019"
}
@phdthesis{rest,
    author = "R.T. Fielding",
    title= "{Architectural Styles and
    the Design of Network-based Software Architectures}",
    school = "University of California",
    year = "2000",
    pages = "76 - 106",
}
@misc{react, 
    author = "Facebook Inc.",
    title="{React}", 
    year = "2019",
    note = "Tillgänglig: \url{https://reactjs.org/}, hämtad 13:e april 2019"
}
@misc{khanacademy,
        author = "Khan Academy",
        year = "2019",
        note = "Tillgänglig: \url{https://www.khanacademy.org/}, hämtad 12:e februari 2019"
}
@misc{duolingo,
        author = "Duolingo Inc.",
        year = "2019",
        note = "Tillgänglig: \url{https://www.duolingo.com/}, hämtad 12:e februari 2019"
}

@misc{OpenTA,
        author = "H. Linander, S. Östlund",
        title = "{OpenTA}", 
        year = "2019",
        note = "Tillgänglig: \url{https://hlinander.github.io/openta/index.html}, hämtad 12:e februari 2019"
}
@misc{MapleTA,
        author = "Waterloo Maple Inc.",
        title = "{Overview of the MapleTA package}",
        year = "2017",
        note = "Tillgänglig: \url{https://bit.ly/2Hy6BgL}, hämtad 12:e februari 2019"
}
@misc{Piazza,
        author = "Piazza Technologies",
        year = "2019",
        note = "Tillgänglig: \url{https://piazza.com/}, hämtad 12:e februari 2019"
}
@misc{figma,
        author = "Figma",
        year = "2019",
        note = "Tillgänglig: \url{https://www.figma.com/}, hämtad 12:e februari 2019"
}
@misc{SCB,
    author = {Statistiska centralbyrån},
    title = "{Antal examinerade efter kön, läsåren 1977/78–2017/18}",
    year = 2018,
    url = "{https://www.scb.se/hitta-statistik/statistik-efter-amne/utbildning-och-forskning/hogskolevasende/studenter-och-examina-i-hogskoleutbildning-pa-grundniva-och-avancerad-niva/pong/tabell-och-diagram/examina/antal-examinerade-efter-kon/}",
    urldate = "{2019-02-04}"
}
@article{Frodin,
        author = "P. Frodin",
        title = "{Digitala hjälpmedel i skolan kan både hjälpa och stjälpa}",
        journal = "{Lunds universitets forskningsmagasin}",
        year = "2018",
        note = "Tillgänglig: \url{https://bit.ly/2LMNoNN}, hämtad 12:e februari 2019"
}
@techreport{Metaari,
        author = "S.S. Adkins",
        title = "{The 2017 Global Learning Technology Investment Patterns}",
        institution = "METAARI", 
        year = "2018",
        note = "Tillgänglig: \url{https://bit.ly/2Hm0Wvo}, hämtad 12:e februari 2019"
}


%***********Articles
@article{Kim2018GritNetSP,
  title = "{GritNet: Student Performance Prediction with Deep Learning}",
  author = "{B. Kim, E. Vizitei, V. Ganapathi}",
  journal = "{arXiv, id: 1804.07405}",
  year = "{2018}"
}
@article{Uncert,
    title="{Aleatory or epistemic? Does it matter?}",
    author="{A.D. Kiureghian, O. Ditlevsen}",
    journal="{Structural Safety}",
    volume = "31",
    pages = "105 - 112",
    year={2009}
}
@article{Elephant,
  title="{The Elephant in the Room}",
  author="{A. Rosenfeld, R. Zemel, J.K. Tsotsos}",
  journal="{arXiv, id: 1808.03305}",
  year={2018}
}
@article{Kendall-Gal,
        author = "{A. Kendall, Y. Gal}",
        title = "{What Uncertainties Do We Need in Bayesian Deep Learning for Computer Vision?}",
        journal = "Proceedings of the 31st Conference on Neural Information Processing Systems (NIPS 2017)",
        year = "2017"
}
@article{MC-dropout,
        author = "Y. Gal, Z. Ghahramani",
        title = "{Dropout as a Bayesian Approximation: Representing Model Uncertainty in Deep Learning}",
        journal = "Proceedings of the 33rd International Conference on Machine Learning",
        year = "2016"
}
@article{variation,
        author = "M. Jordan et. al.",
        title = "{An introduction to Variational Methods for Graphical Models}",
        journal = "Machine Learning",
        volume = "37",
        pages = "183 - 223",
        year = "1999"
}

@article{kj,
    title = "{The KJ-Method: A Technique for Analyzing Data Derived from Japanese Ethnology}",
    author = "R. Scupin",     
    journal = "Human Organization",
    volume = "56",
    pages = "233 - 237",
    year = "1997"
}

@article{trust,
    author = "{J. Jian, A.M. Bisantz, och C.G. Drury}",
    title = "{Foundations of an empirically determined scale of trust in automated sytems}",
    journal = "{International Journal of Cognitive Ergonomics}",
    publisher = "Routledge",
    volume = "4",
    pages = "53 - 71",
    year = "2000"
}



%***********Books
@book{Chollet,
    title="{Deep Learning with Python}",
    author={F. Chollet},
    publisher={Manning Publications},
    year = "2018"
}
@book{JavaGroundUp,
    title="{Java Programming From the Ground Up}",
    author={R. Bravaco, S. Simonson},
    chapter = "1",
    pages = "5-15",
    publisher={McGraw-Hill},
    year = "2010",
    note = "{Sida 5-15}"
}
@book{ProbStat,
    title="{Probability, statistics and stochastic processes}",
    author="{P. Olofsson, M. Andersson}",
    chapter = "",
    pages = "",
    publisher={Wiley},
    year={2012},
    note = "{Sida 201-209}"    
}
@book{ries,
    author = "{E. Ries}",
    title = "The Lean Startup: How today's entrepreneurs use continuous innovation to create radically successful businesses",
    year = "2011",
    publisher = "Crown Publishing Group",
    note = "{Sida 1-25}"
}
@book{ergonomi,
  title={Arbete och teknik på människans villkor},
  author="{L. Abrahamsson et. al.}",
  publisher={Prevent},
  year={2008},
  note = "{Sida 339-463}"
}
@book{multikorr,
  title="{Statistical Data Analysis: A Practical Guide}",
  author="{M. Meloun, J. Militky}",
  publisher="{Woodhead Publishing India Pvt. Ltd}",
  year= "2011",
  note = "{Sida 631-649}"
}