@online{OpenTA,
        author = "Hampus Linander. Stellan Östlund",
        url = "https://hlinander.github.io/openta/index.html",
        year = "2019",
        note = "Hämtad 12:e februari 2019"
}